<record><leader>00000cas a2200000 a 4500</leader><controlfield tag="001">36303145</controlfield><controlfield tag="008">970131d18811889miuwr n       0    0eng c</controlfield><datafield ind1=" " ind2=" " tag="010"><subfield code="a">sn 97063106 </subfield></datafield><datafield ind1=" " ind2=" " tag="040"><subfield code="a">MHN</subfield><subfield code="b">eng</subfield><subfield code="c">MHN</subfield><subfield code="d">OCL</subfield><subfield code="d">OCLCQ</subfield><subfield code="d">OCLCF</subfield><subfield code="d">OCLCO</subfield></datafield><datafield ind1="1" ind2=" " tag="029"><subfield code="a">AU@</subfield><subfield code="b">000013092626</subfield></datafield><datafield ind1=" " ind2=" " tag="042"><subfield code="a">pcc</subfield></datafield><datafield ind1=" " ind2=" " tag="043"><subfield code="a">n-us-mi</subfield></datafield><datafield ind1="0" ind2=" " tag="130"><subfield code="a">Excelsior (South Lyon, Mich.)</subfield></datafield><datafield ind1="1" ind2="4" tag="245"><subfield code="a">The excelsior.</subfield></datafield><datafield ind1=" " ind2=" " tag="260"><subfield code="a">South Lyon, Mich. :</subfield><subfield code="b">Rorabacher &amp; Sweet</subfield></datafield><datafield ind1=" " ind2=" " tag="300"><subfield code="a">v.</subfield></datafield><datafield ind1=" " ind2=" " tag="310"><subfield code="a">Weekly</subfield></datafield><datafield ind1="1" ind2=" " tag="362"><subfield code="a">Began in 1881; ceased in 1889?</subfield></datafield><datafield ind1=" " ind2=" " tag="580"><subfield code="a">Continued by: South Lyon excelsior, Cf., Brown, Elizabeth Read. "A union list of newspapers published in Michigan ..."</subfield></datafield><datafield ind1=" " ind2=" " tag="588"><subfield code="a">Description based on: Vol. 1, no. 7 (Apr. 12, 1881).</subfield></datafield><datafield ind1=" " ind2="0" tag="651"><subfield code="a">South Lyon (Mich.)</subfield><subfield code="v">Newspapers.</subfield></datafield><datafield ind1=" " ind2="0" tag="651"><subfield code="a">Oakland County (Mich.)</subfield><subfield code="v">Newspapers.</subfield></datafield><datafield ind1=" " ind2="7" tag="655"><subfield code="a">Newspapers.</subfield><subfield code="2">fast</subfield><subfield code="0">(OCoLC)fst01423814</subfield></datafield><datafield ind1=" " ind2="7" tag="651"><subfield code="a">Michigan</subfield><subfield code="z">Oakland County.</subfield><subfield code="2">fast</subfield><subfield code="0">(OCoLC)fst01214740</subfield></datafield><datafield ind1=" " ind2="7" tag="651"><subfield code="a">Michigan</subfield><subfield code="z">South Lyon.</subfield><subfield code="2">fast</subfield><subfield code="0">(OCoLC)fst01219684</subfield></datafield><datafield ind1=" " ind2=" " tag="752"><subfield code="a">United States</subfield><subfield code="b">Michigan</subfield><subfield code="c">Oakland</subfield><subfield code="d">South Lyon.</subfield></datafield><datafield ind1="1" ind2="0" tag="785"><subfield code="t">South Lyon excelsior</subfield></datafield></record>